@book{siddiqi1997statistical,
  author = {Siddiqi, Naeem},
  title = {Credit Risk Scorecards: Developing and Implementing Intelligent Credit Scoring},
  year = {1997},
  publisher = {John Wiley \& Sons}
}

@article{altman1968financial,
  author = {Altman, Edward I.},
  title = {Financial ratios, discriminant analysis and the prediction of corporate bankruptcy},
  journal = {The Journal of Finance},
  volume = {23},
  number = {4},
  pages = {589--609},
  year = {1968},
  publisher = {Wiley}
}

@book{hosmer2013applied,
  author = {Hosmer, Jr., David W. and Lemeshow, Stanley and Sturdivant, Rodney X.},
  title = {Applied Logistic Regression},
  year = {2013},
  publisher = {John Wiley \& Sons}
}

@article{cortes1995support,
  author = {Cortes, Corinna and Vapnik, Vladimir},
  title = {Support-vector networks},
  journal = {Machine Learning},
  volume = {20},
  number = {3},
  pages = {273--297},
  year = {1995},
  publisher = {Springer}
}

@article{west2000neural,
  author = {West, David},
  title = {Neural network credit scoring models},
  journal = {Computers \& Operations Research},
  volume = {27},
  number = {11-12},
  pages = {1131--1152},
  year = {2000},
  publisher = {Elsevier}
}

@article{breiman2001random,
  author = {Breiman, Leo},
  title = {Random forests},
  journal = {Machine Learning},
  volume = {45},
  number = {1},
  pages = {5--32},
  year = {2001},
  publisher = {Springer}
}

@article{friedman2001greedy,
  author = {Friedman, Jerome H.},
  title = {Greedy function approximation: a gradient boosting machine},
  journal = {Annals of Statistics},
  volume = {29},
  number = {5},
  pages = {1189--1232},
  year = {2001},
  publisher = {Institute of Mathematical Statistics}
}

@inproceedings{chen2016xgboost,
  author = {Chen, Tianqi and Guestrin, Carlos},
  title = {XGBoost: A scalable tree boosting system},
  booktitle = {Proceedings of the 22nd ACM SIGKDD International Conference on Knowledge Discovery and Data Mining},
  pages = {785--794},
  year = {2016},
  organization = {ACM}
}

@inproceedings{ke2017lightgbm,
  author = {Ke, Guolin and Meng, Qi and Finley, Thomas and Wang, Taifeng and Chen, Wei and Ma, Weidong and Ye, Qiwei and Liu, Tie-Yan},
  title = {LightGBM: A highly efficient gradient boosting decision tree},
  booktitle = {Advances in Neural Information Processing Systems},
  pages = {3146--3154},
  year = {2017}
}

@inproceedings{prokhorenkova2018catboost,
  author = {Prokhorenkova, Liudmila and Gusev, Gleb and Vorobev, Aleksandr and Dorogush, Anna Veronika and Gulin, Andrey},
  title = {CatBoost: Unbiased boosting with categorical features},
  booktitle = {Advances in Neural Information Processing Systems},
  pages = {6638--6648},
  year = {2018}
}

@techreport{ng2016nutshell,
  author = {Ng, Andrew},
  title = {Machine learning yearning},
  institution = {Stanford University},
  year = {2016}
}

@article{wolpert1992stacked,
  author = {Wolpert, David H.},
  title = {Stacked generalization},
  journal = {Neural Networks},
  volume = {5},
  number = {2},
  pages = {241--259},
  year = {1997},
  publisher = {Elsevier}
}
@article{akiba2019optuna,
  author = {Akiba, Takuya and Sano, Shotaro and Yanase, Toshiaki and Ohta, Takeru and Koyama, Masanori},
  title = {Optuna: A Next-generation Hyperparameter Optimization Framework},
  journal = {Proceedings of the 25th ACM SIGKDD International Conference on Knowledge Discovery Data Mining},
  year = {2019},
  pages = {2623--2631}
}

@article{lundberg2017unified,
  author = {Lundberg, Scott M and Lee, Su-In},
  title = {A Unified Approach to Interpreting Model Predictions},
  journal = {Advances in Neural Information Processing Systems},
  year = {2017},
  volume = {30}
}
